% This file was created with Citavi 6.4.0.35

@book{Brehm.2007,
 author = {Brehm, Ingrid},
 year = {2007},
 title = {Potentiometrie},
 url = {https://roempp.thieme.de/lexicon/RD-16-03823},
 publisher = {{Thieme Gruppe}}
}


@book{Holze.2008,
 author = {Holze, Rudolf},
 year = {2008},
 title = {Nernstsche Gleichung},
 url = {https://roempp.thieme.de/lexicon/RD-14-00829},
 publisher = {{Thieme Gruppe}}
}


@book{Holze.2012,
 author = {Holze, Rudolf and Brehm, Ingrid},
 year = {2012},
 title = {Konduktometrie},
 url = {https://roempp.thieme.de/lexicon/RD-11-01725},
 publisher = {{Thieme Gruppe}}
}


